<record><leader>00000cas a22000007a 4500</leader><controlfield tag="001">18777907</controlfield><controlfield tag="008">881118d19511953mouwr ne      0    0eng d</controlfield><datafield ind1=" " ind2=" " tag="010"><subfield code="a">sn 88068006 </subfield></datafield><datafield ind1=" " ind2=" " tag="040"><subfield code="a">MQN</subfield><subfield code="b">eng</subfield><subfield code="c">MQN</subfield><subfield code="d">OCLCQ</subfield></datafield><datafield ind1=" " ind2=" " tag="042"><subfield code="a">msc</subfield></datafield><datafield ind1="0" ind2=" " tag="130"><subfield code="a">Northwestern news (Keytesville, Mo.)</subfield></datafield><datafield ind1="1" ind2="4" tag="245"><subfield code="a">The northwestern news.</subfield></datafield><datafield ind1="3" ind2="0" tag="246"><subfield code="a">News northwestern</subfield></datafield><datafield ind1="3" ind2="0" tag="246"><subfield code="a">Northwestern news edition</subfield></datafield><datafield ind1="3" ind2="0" tag="246"><subfield code="a">Northwestern edition news</subfield></datafield><datafield ind1="3" ind2="0" tag="246"><subfield code="a">Chariton courier, the northwestern news</subfield></datafield><datafield ind1=" " ind2=" " tag="260"><subfield code="a">Keytesville, Chariton County, Mo. :</subfield><subfield code="b">Chariton Courier,</subfield><subfield code="c">1951-1953.</subfield></datafield><datafield ind1=" " ind2=" " tag="300"><subfield code="a">4 v.</subfield></datafield><datafield ind1=" " ind2=" " tag="310"><subfield code="a">Weekly</subfield></datafield><datafield ind1="0" ind2=" " tag="362"><subfield code="a">Vol. 81, no. 50 (Dec. 7, 1951)-v. 84, no. 49 (Nov. 27, 1953).</subfield></datafield><datafield ind1=" " ind2=" " tag="500"><subfield code="a">Some issues have title: News northwestern, or: Northwestern news edition, or: Northwestern edition news.</subfield></datafield><datafield ind1=" " ind2=" " tag="500"><subfield code="a">At head of title, in brackets: The Chariton courier.</subfield></datafield><datafield ind1=" " ind2=" " tag="500"><subfield code="a">"Edition of the Chariton Courier issued in the interest of Northwest Chariton County and the towns of Mendon, Rothville, Sumner &amp; Triplett."</subfield></datafield><datafield ind1=" " ind2=" " tag="752"><subfield code="a">United States</subfield><subfield code="b">Missouri</subfield><subfield code="c">Chariton</subfield><subfield code="d">Keytesville.</subfield></datafield><datafield ind1=" " ind2=" " tag="752"><subfield code="a">United States</subfield><subfield code="b">Missouri</subfield><subfield code="c">Chariton</subfield><subfield code="d">Mendon.</subfield></datafield><datafield ind1=" " ind2=" " tag="752"><subfield code="a">United States</subfield><subfield code="b">Missouri</subfield><subfield code="c">Chariton</subfield><subfield code="d">Rothville.</subfield></datafield><datafield ind1=" " ind2=" " tag="752"><subfield code="a">United States</subfield><subfield code="b">Missouri</subfield><subfield code="c">Chariton</subfield><subfield code="d">Sumner.</subfield></datafield><datafield ind1=" " ind2=" " tag="752"><subfield code="a">United States</subfield><subfield code="b">Missouri</subfield><subfield code="c">Chariton</subfield><subfield code="d">Triplett.</subfield></datafield><datafield ind1="0" ind2=" " tag="775"><subfield code="t">Chariton courier</subfield><subfield code="w">(DLC)sn 88068010</subfield></datafield><datafield ind1="0" ind2="0" tag="780"><subfield code="t">Chariton courier (Sumner edition)</subfield><subfield code="w">(DLC)sn 88068007</subfield></datafield></record>